@article{alarcon1994commutative,
  title   = {Commutative semirings and their lattices of ideals},
  author  = {Alarcon, Francisco and Anderson, Daniel D},
  journal = {Houston J. Math},
  volume  = {20},
  number  = {4},
  pages   = {571--590},
  year    = {1994}
}

@article{applegate2011dismal,
  title   = {Dismal arithmetic},
  author  = {Applegate, David and LeBrun, Marc and Sloane, Neil JA},
  journal = {arXiv preprint arXiv:1107.1130},
  year    = {2011}
}

@article{frosini2006sequence,
  title   = {On the sequence A079500 and its combinatorial interpretations},
  author  = {Frosini, Andrea and Rinaldi, S and dei Mantellini, Pian},
  journal = {J. Integer Seq},
  volume  = {9},
  year    = {2006}
}

@book{gross2019maximally,
  title     = {Maximally additively reducible subsets of the integers},
  author    = {Gross, Gal},
  year      = {2019},
  publisher = {University of Toronto (Canada)}
}

@article{kim2005factorization,
  title   = {Factorization of polynomials in one variable over the tropical semiring},
  author  = {Kim, Ki Hang and Roush, Fred W},
  journal = {arXiv preprint math/0501167},
  year    = {2005}
}

@misc{OEIS:A067139,
  author       = {{OEIS Foundation Inc.}},
  title        = {A067139: Irreducible elements in OR-numbral arithmetic.},
  howpublished = {The On-Line Encyclopedia of Integer Sequences},
  year         = {2002},
  note         = {Available at \url{https://oeis.org/A067139}.}
}

@misc{OEIS:A169912,
  author       = {{OEIS Foundation Inc.}},
  title        = {A169912: Number of irreducible Boolean polynomials of degree n.},
  howpublished = {The On-Line Encyclopedia of Integer Sequences},
  year         = {2010},
  note         = {Available at \url{https://oeis.org/A169912}.}
}

@misc{OEIS:A171000,
  author       = {{OEIS Foundation Inc.}},
  title        = {A171000: Irreducible Boolean polynomials written as binary vectors.},
  howpublished = {The On-Line Encyclopedia of Integer Sequences},
  year         = {2010},
  note         = {Available at \url{https://oeis.org/A171000}.}
}